
@article{kanehisa2014data,
  title={Data, information, knowledge and principle: back to metabolism in KEGG},
  author={Kanehisa, Minoru and Goto, Susumu and Sato, Yoko and Kawashima, Masayuki and Furumichi, Miho and Tanabe, Mao},
  journal={Nucleic acids research},
  volume={42},
  number={D1},
  pages={D199--D205},
  year={2014},
  publisher={Oxford Univ Press}
}

@article{kono2009pathway,
  title={Pathway projector: web-based zoomable pathway browser using KEGG atlas and Google Maps API},
  author={Kono, Nobuaki and Arakawa, Kazuharu and Ogawa, Ryu and Kido, Nobuhiro and Oshita, Kazuki and Ikegami, Keita and Tamaki, Satoshi and Tomita, Masaru},
  journal={PLoS One},
  volume={4},
  number={11},
  pages={e7710},
  year={2009},
  publisher={Public Library of Science}
}

@article{yamada2011ipath2,
  title={iPath2. 0: interactive pathway explorer},
  author={Yamada, Takuji and Letunic, Ivica and Okuda, Shujiro and Kanehisa, Minoru and Bork, Peer},
  journal={Nucleic acids research},
  volume={39},
  number={suppl 2},
  pages={W412--W415},
  year={2011},
  publisher={Oxford Univ Press}
}

@article{dejongh2012cytoseed,
  title={CytoSEED: a Cytoscape plugin for viewing, manipulating and analyzing metabolic models created by the Model SEED},
  author={DeJongh, Matthew and Bockstege, Benjamin and Frybarger, Paul and Hazekamp, Nicholas and Kammeraad, Joshua and McGeehan, Travis},
  journal={Bioinformatics},
  volume={28},
  number={6},
  pages={891--892},
  year={2012},
  publisher={Oxford Univ Press}
}

@article{wrzodek2011keggtranslator,
  title={KEGGtranslator: visualizing and converting the KEGG PATHWAY database to various formats},
  author={Wrzodek, Clemens and Dr{\"a}ger, Andreas and Zell, Andreas},
  journal={Bioinformatics},
  volume={27},
  number={16},
  pages={2314--2315},
  year={2011},
  publisher={Oxford Univ Press}
}

@article{shannon2003cytoscape,
  title={Cytoscape: a software environment for integrated models of biomolecular interaction networks},
  author={Shannon, Paul and Markiel, Andrew and Ozier, Owen and Baliga, Nitin S and Wang, Jonathan T and Ramage, Daniel and Amin, Nada and Schwikowski, Benno and Ideker, Trey},
  journal={Genome research},
  volume={13},
  number={11},
  pages={2498--2504},
  year={2003},
  publisher={Cold Spring Harbor Lab}
}

@article{smoot2011cytoscape,
  title={Cytoscape 2.8: new features for data integration and network visualization},
  author={Smoot, Michael E and Ono, Keiichiro and Ruscheinski, Johannes and Wang, Peng-Liang and Ideker, Trey},
  journal={Bioinformatics},
  volume={27},
  number={3},
  pages={431--432},
  year={2011},
  publisher={Oxford University Press}
}

@article{maere2005bingo,
  title={BiNGO: a Cytoscape plugin to assess overrepresentation of gene ontology categories in biological networks},
  author={Maere, Steven and Heymans, Karel and Kuiper, Martin},
  journal={Bioinformatics},
  volume={21},
  number={16},
  pages={3448--3449},
  year={2005},
  publisher={Oxford University Press}
}

@article{scardoni2009analyzing,
  title={Analyzing biological network parameters with CentiScaPe},
  author={Scardoni, Giovanni and Petterlini, Michele and Laudanna, Carlo},
  journal={Bioinformatics},
  volume={25},
  number={21},
  pages={2857--2859},
  year={2009},
  publisher={Oxford Univ Press}
}

@article{rohn2012vanted,
  title={VANTED v2: a framework for systems biology applications},
  author={Rohn, Hendrik and Junker, Astrid and Hartmann, Anja and Grafahrend-Belau, Eva and Treutler, Hendrik and Klapperst{\"u}ck, Matthias and Czauderna, Tobias and Klukas, Christian and Schreiber, Falk},
  journal={BMC systems biology},
  volume={6},
  number={1},
  pages={139},
  year={2012},
  publisher={BioMed Central Ltd}
}

@article{hu2013visant,
  title={VisANT 4.0: Integrative network platform to connect genes, drugs, diseases and therapies},
  author={Hu, Zhenjun and Chang, Yi-Chien and Wang, Yan and Huang, Chia-Ling and Liu, Yang and Tian, Feng and Granger, Brian and DeLisi, Charles},
  journal={Nucleic acids research},
  volume={41},
  number={W1},
  pages={W225--W231},
  year={2013},
  publisher={Oxford Univ Press}
}

@article{gentleman2004bioconductor,
  title={Bioconductor: open software development for computational biology and bioinformatics},
  author={Gentleman, Robert C and Carey, Vincent J and Bates, Douglas M and Bolstad, Ben and Dettling, Marcel and Dudoit, Sandrine and Ellis, Byron and Gautier, Laurent and Ge, Yongchao and Gentry, Jeff and others},
  journal={Genome biology},
  volume={5},
  number={10},
  pages={R80},
  year={2004},
  publisher={BioMed Central Ltd}
}

@article{gautier2004affy,
  title={affyâ€”analysis of Affymetrix GeneChip data at the probe level},
  author={Gautier, Laurent and Cope, Leslie and Bolstad, Benjamin M and Irizarry, Rafael A},
  journal={Bioinformatics},
  volume={20},
  number={3},
  pages={307--315},
  year={2004},
  publisher={Oxford Univ Press}
}

@article{hucka2003systems,
  title={The systems biology markup language (SBML): a medium for representation and exchange of biochemical network models},
  author={Hucka, Michael and Finney, Andrew and Sauro, Herbert M and Bolouri, Hamid and Doyle, John C and Kitano, Hiroaki and Arkin, Adam P and Bornstein, Benjamin J and Bray, Dennis and Cornish-Bowden, Athel and others},
  journal={Bioinformatics},
  volume={19},
  number={4},
  pages={524--531},
  year={2003},
  publisher={Oxford Univ Press}
}

@article{kelder2012wikipathways,
  title={WikiPathways: building research communities on biological pathways},
  author={Kelder, Thomas and van Iersel, Martijn P and Hanspers, Kristina and Kutmon, Martina and Conklin, Bruce R and Evelo, Chris T and Pico, Alexander R},
  journal={Nucleic acids research},
  volume={40},
  number={D1},
  pages={D1301--D1307},
  year={2012},
  publisher={Oxford Univ Press}
}

@article{henry2010high,
  title={High-throughput generation, optimization and analysis of genome-scale metabolic models},
  author={Henry, Christopher S and DeJongh, Matthew and Best, Aaron A and Frybarger, Paul M and Linsay, Ben and Stevens, Rick L},
  journal={Nature biotechnology},
  volume={28},
  number={9},
  pages={977--982},
  year={2010},
  publisher={Nature Publishing Group}
}

@article{caspi2014metacyc,
  title={The MetaCyc database of metabolic pathways and enzymes and the BioCyc collection of Pathway/Genome Databases},
  author={Caspi, Ron and Altman, Tomer and Billington, Richard and Dreher, Kate and Foerster, Hartmut and Fulcher, Carol A and Holland, Timothy A and Keseler, Ingrid M and Kothari, Anamika and Kubo, Aya and others},
  journal={Nucleic acids research},
  volume={42},
  number={D1},
  pages={D459--D471},
  year={2014},
  publisher={Oxford Univ Press}
}

@article{demir2010biopax,
  title={The BioPAX community standard for pathway data sharing},
  author={Demir, Emek and Cary, Michael P and Paley, Suzanne and Fukuda, Ken and Lemer, Christian and Vastrik, Imre and Wu, Guanming and D'Eustachio, Peter and Schaefer, Carl and Luciano, Joanne and others},
  journal={Nature biotechnology},
  volume={28},
  number={9},
  pages={935--942},
  year={2010},
  publisher={Nature Publishing Group}
}

@article{croft2014reactome,
  title={The Reactome pathway knowledgebase},
  author={Croft, David and Mundo, Antonio Fabregat and Haw, Robin and Milacic, Marija and Weiser, Joel and Wu, Guanming and Caudy, Michael and Garapati, Phani and Gillespie, Marc and Kamdar, Maulik R and others},
  journal={Nucleic acids research},
  volume={42},
  number={D1},
  pages={D472--D477},
  year={2014},
  publisher={Oxford Univ Press}
}

@article{hung2002global,
  title={Global Gene Expression Profiling in Escherichia coliK12 THE EFFECTS OF LEUCINE-RESPONSIVE REGULATORY PROTEIN},
  author={Hung, She-pin and Baldi, Pierre and Hatfield, G Wesley},
  journal={Journal of Biological Chemistry},
  volume={277},
  number={43},
  pages={40309--40323},
  year={2002},
  publisher={ASBMB}
}

  @Manual{genefilter,
    title = {genefilter: methods for filtering genes from high-throughput
experiments},
    author = {R. Gentleman and V. Carey and W. Huber and F. Hahne},
    note = {R package version 1.47.5},
  }
  
  @Manual{ecoliLeucine,
    title = {ecoliLeucine: Experimental data with Affymetrix E. coli chips},
    author = {Laurent Gautier},
    year = {2007},
    note = {R package version 1.5.0},
  }
  
  